@book{Bk1,  
    author={Susan J. Fowler},
    title={Production-Ready Microservices},
    publisher={O'Reilly Media},
    year={2017},
    address={Sebastopol, United States of America},
    note={1 psl.},
}

@book{Bk2,  
    author={Sam Newman},
    title={Building Microservices: Designing Fine-Grained Systems},
    publisher={O'Reilly Media},
    year={2015},
    address={Sebastopol, United States of America},
    note={39 psl.},
}

@book{Bk3,  
    author={David S.Linthicum},
    title={Enterprise Application Integration},
    publisher={Addison-Wesley},
    year={2000},
    address={Upper Saddle River, United States of America},
    note={1 psl.},
}

@book{Bk4,  
    author={Eric Steven Raymond},
    title={The Art of UNIX Programming},
    publisher={Addison-Wesley},
    year={2003},
    address={Upper Saddle River, United States of America},
    note={1 psl.},
}

@book{Bk5,  
    author={Micheal C. Feathers},
    title={Working Effectively with Legacy Code},
    publisher={Prentice Hall PTR},
    year={2004},
    address={Upper Saddle River, United States of America},
    note={29 psl.},
}

@book{Bk6,  
    author={Volker Hockmann and Heinz D. Knoell and Ernst L. Leiss},
    title={Encyclopedia of Multimedia Technology and Networking, Second Edition},
    year={2009},
    note={173 skyrius},
}

@mastersthesis{MstrThs1,
    author={Espen Johnses},
    title={Reliable Asynchronous Communication in Distributed Systems},
    school={Bergensis Universitas},
    year={2018},
}

@mastersthesis{MstrThs2,
    author={Joni Makkonen},
    title={Performance and usage comparison between REST and SOAP web services.},
    school={Aalto University},
    year={2017},
}

@misc{Misc6,
    author={Martin Fowler and James Lewis},
    title={Microservices},
    howpublished={\url{https://martinfowler.com/articles/microservices.html}},
    year={2014}, 
    langid={english},
}

@misc{Misc7,
    author={Nicola Dragoni and Saverio Giallorenzo and Alberto Lluch Lafuente and Manuel Mazzara and Fabrizio Montesi and Ruslan Mustafin and Larisa Safina},
    title={Microservices: yesterday, today, and tomorrow},
    howpublished={\url{https://arxiv.org/pdf/1606.04036.pdf}},
    year={2017}, 
    langid={english},
}

@misc{Misc1,
    author={Sabah Shariq and Maira Wenzel and John Parente and Nish Anil and Miguel Veloso},
    title={Communication in a microservice architecture},
    howpublished={\url{https://docs.microsoft.com/en-us/dotnet/architecture/microservices/architect-microservice-container-applications/communication-in-microservice-architecture}},
    year={2020}, 
    langid={english},
}

@misc{Misc3,
    author={Omar Al-Debagy and Peter Martinek},
    title={A Comparative Review of Microservices and Monolithic Architectures},
    howpublished={\url{https://arxiv.org/pdf/1905.07997.pdf}},
    year={2018}, 
    langid={english},
}

@misc{Sur1,
    author={Vineet John and Xia Liu},
    title={A Survey of Distributed Message Broker Queues},
    howpublished={\url{https://arxiv.org/pdf/1704.00411.pdf}},
    year={2017}, 
    langid={english},
}

@misc{Misc4,
    author={PHILIPPE DOBBELAERE and KYUMARS SHEYKH ESMAILI},
    title={Kafka versus RabbitMQ},
    howpublished={\url{https://arxiv.org/pdf/1709.00333.pdf}},
    year={2017}, 
    langid={english},
}

@misc{Misc5,
    author={J. Loisel},
    title={SOAP vs REST (WHY COMPARING THEM IS A NONSENSE},
    howpublished={\url{https://octoperf.com/blog/2018/03/26/soap-vs-rest/}},
    year={2018}, 
    langid={english},
}